@book{estalz,
	author = {{Alzheimer's Association International Conference}},
	year = {27 de {J}ulio de 2021},
	title = {\texttt{www.alz.org}}
}

@article{gatt2018survey,
	title={Survey of the state of the art in natural language generation: Core tasks, applications and evaluation},
	author={Gatt, Albert and Krahmer, Emiel},
	journal={Journal of Artificial Intelligence Research},
	volume={61},
	pages={65--170},
	year={2018}
}

@article{mattson2004pathways,
	title={Pathways towards and away from Alzheimer's disease},
	author={Mattson, Mark P},
	journal={Nature},
	volume={430},
	number={7000},
	pages={631--639},
	year={2004},
	publisher={Nature Publishing Group}
}


@article{reiter1997building,
	title={Building applied natural language generation systems},
	author={Reiter, Ehud and Dale, Robert},
	journal={Natural Language Engineering},
	volume={3},
	number={1},
	pages={57--87},
	year={1997},
	publisher={Cambridge university press}
}